@article{doe2023,
author  = {Doe, Jane and Smith, Bob},
title   = {Unicorn Breeding Techniques in Modern Alchemy},
journal = {Journal of Mythical Sciences},
year    = {2023},
volume  = {42},
number  = {3},
pages   = {201--215},
doi     = {10.1016/j.mythsci.2023.04.012},
url     = {https://doi.org/10.1016/j.mythsci.2023.04.012}
}
@book{wizard2022,
author    = {Wizard, Merlin},
title     = {Advanced Spellcasting for Beginners: A Practical Guide},
publisher = {Hogwarts Press},
year      = {2022},
address   = {Diagon Alley},
isbn      = {978-9876543210},
doi       = {10.1007/978-9876543210},
url       = {https://doi.org/10.1007/978-9876543210}
}
@inproceedings{alien2024,
author    = {Alien, Zorg and Human, John},
title     = {Intergalactic Teleportation: Breaking the Light Speed Barrier},
booktitle = {Proceedings of the Galactic Conference on Impossible Physics},
year      = {2024},
pages     = {42--47},
doi       = {10.1109/GCIP.2024.9876543},
url       = {https://doi.org/10.1109/GCIP.2024.9876543}
}